<record xmlns="http://www.loc.gov/MARC21/slim" xmlns:xsi="http://www.w3.org/2001/XMLSchema-instance" xsi:schemaLocation="http://www.loc.gov/MARC21/slim http://www.loc.gov/standards/marcxml/schema/MARC21slim.xsd">

  <leader>00417nam a2200121Ia 4500</leader>
  <datafield ind1=" " ind2=" " tag="999">
    <subfield code="c">1476</subfield>
    <subfield code="d">1476</subfield>
  </datafield>
  <controlfield tag="008">171207b1974    a  ||||| |||| 00| | spa d</controlfield>
  <datafield tag="090" ind1=" " ind2=" ">
    <subfield code="a">06.02.01 </subfield>
    <subfield code="b">1858</subfield>
  </datafield>
  <datafield tag="100" ind2=" " ind1="1">
    <subfield code="a">Bloom, Benjamín S.</subfield>
    <subfield code="9">3297</subfield>
  </datafield>
  <datafield ind1="1" ind2="0" tag="245">
    <subfield code="a">Taxonomía de los objetivos de la educación: la clasificación de las metas educacionales: manuales I y II / </subfield>
    <subfield code="c">Benjamín S. Bloom y colaboradores</subfield>
  </datafield>
  <datafield ind2=" " ind1=" " tag="260">
    <subfield code="a">Buenos Aires : </subfield>
    <subfield code="b">El Ateneo, </subfield>
    <subfield code="c">1974</subfield>
  </datafield>
  <datafield ind2=" " ind1=" " tag="300">
    <subfield code="a">364 páginas</subfield>
  </datafield>
  <datafield ind2=" " ind1=" " tag="490">
    <subfield code="a">4 edición</subfield>
  </datafield>
  <datafield ind1="1" ind2="4" tag="650">
    <subfield code="a">EDUCACIÓN</subfield>
    <subfield code="9">1</subfield>
  </datafield>
  <datafield ind2=" " ind1=" " tag="942">
    <subfield code="2">z</subfield>
    <subfield code="c">01</subfield>
  </datafield>
</record>